@misc{www:ParaView,
        title = {ParaView},
        year = {2005},
        note = {\url{http://www.paraview.org/}},
}

@misc{www:MayaVi,
        title = {MayaVi},
        year = {2005},
        note = {\url{http://mayavi.sourceforge.net/}},
}

@misc{www:OpenDX,
        title = {OpenDX},
        year = {2005},
        note = {\url{http://www.opendx.org/}},
}

@misc{www:Octave,
        title = {Octave},
        year = {2005},
        note = {\url{http://www.octave.org/}},
}

@misc{www:MATLAB,
        title = {MATLAB},
        year = {2005},
        note = {\url{http://www.mathworks.com/}},
}

@misc{www:Tecplot,
        title = {Tecplot},
        year = {2005},
        note = {\url{http://www.tecplot.com/}},
}

@misc{www:GiD,
        title = {GiD},
        year = {2005},
        note = {\url{http://gid.cimne.upc.es/}},
}

@misc{www:OpenInventor,
        title = {Open Inventor},
        year = {2005},
        note = {\url{http://http://oss.sgi.com/projects/inventor/}}
}
